<?xml version="1.0" encoding="UTF-8"?>
<record xmlns="http://www.loc.gov/MARC21/slim">
   <leader>01839cam a2200373 a 4500</leader>
   <controlfield tag="001">836310</controlfield>
   <controlfield tag="003">NjP</controlfield>
   <controlfield tag="005">20190705142200.0</controlfield>
   <controlfield tag="008">930921s1906    ua            000 0 ara d</controlfield>
   <datafield tag="024" ind1="7" ind2=" ">
      <subfield code="a">princeton_aco004627</subfield>
      <subfield code="2">local</subfield>
   </datafield>
   <datafield ind1=" " ind2=" " tag="035">
      <subfield code="a">(CStRLIN)NJPG93-B51289</subfield>
   </datafield>
   <datafield ind1=" " ind2=" " tag="035">
      <subfield code="9">AEE4243TS</subfield>
   </datafield>
   <datafield ind1=" " ind2=" " tag="035">
      <subfield code="a">(NjP)836310</subfield>
   </datafield>
   <datafield ind1=" " ind2=" " tag="040">
      <subfield code="a">NjP</subfield>
      <subfield code="c">PUL</subfield>
      <subfield code="d">PUL</subfield>
   </datafield>
   <datafield ind1=" " ind2=" " tag="049">
      <subfield code="a">PULL</subfield>
   </datafield>
   <datafield ind1=" " ind2=" " tag="035">
      <subfield code="a">(OCoLC)ocm28930940</subfield>
   </datafield>
   <datafield ind1="1" ind2=" " tag="100">
      <subfield code="6">880-01</subfield>
      <subfield code="a">Rāghib al-Iṣfahānī, Abū al-Qāsim al-Ḥusayn ibn Muḥammad,</subfield>
      <subfield code="d">-1108 or 1109.</subfield>
      <subfield code="0">http://id.loc.gov/authorities/names/n85821054</subfield>
   </datafield>
   <datafield ind1="1" ind2="0" tag="240">
      <subfield code="6">880-02</subfield>
      <subfield code="a">Dharīʻah ilá makārim al-sharīʻah</subfield>
   </datafield>
   <datafield ind1="1" ind2="0" tag="245">
      <subfield code="6">880-03</subfield>
      <subfield code="a">Kitāb al-dharīʻah ilá makārim al-sharīʻah /</subfield>
      <subfield code="c">li-Abī al-Qāsim al-Ḥusayn ibn Muḥammad ibn al-Mufaḍḍal bi-al-Rāghib al-Iṣfahānī.</subfield>
   </datafield>
   <datafield ind1=" " ind2=" " tag="250">
      <subfield code="6">880-04</subfield>
      <subfield code="a">al-Ṭabʻah 1.</subfield>
   </datafield>
   <datafield ind1=" " ind2=" " tag="260">
      <subfield code="6">880-05</subfield>
      <subfield code="a">Miṣr :</subfield>
      <subfield code="b">al-Maṭbaʻah al-Sharafīyah,</subfield>
      <subfield code="c">1324 [1906 or 1907]</subfield>
   </datafield>
   <datafield ind1=" " ind2=" " tag="300">
      <subfield code="a">191 p. ;</subfield>
      <subfield code="c">20 cm.</subfield>
   </datafield>
   <datafield ind1=" " ind2="0" tag="650">
      <subfield code="a">Theological anthropology</subfield>
      <subfield code="x">Islam</subfield>
      <subfield code="v">Early works to 1800.</subfield>
   </datafield>
   <datafield ind1=" " ind2="0" tag="650">
      <subfield code="a">Religious life</subfield>
      <subfield code="x">Islam</subfield>
      <subfield code="v">Early works to 1800.</subfield>
      <subfield code="0">http://id.loc.gov/authorities/subjects/sh86008165</subfield>
   </datafield>
   <datafield ind1="1" ind2=" " tag="880">
      <subfield code="6">100-01/r</subfield>
      <subfield code="a">راغب الاصفهاني، ابو القاسم الحسين بن محمد،</subfield>
      <subfield code="d">-1108 or 1109.</subfield>
   </datafield>
   <datafield ind1="1" ind2="0" tag="880">
      <subfield code="6">240-02/r</subfield>
      <subfield code="a">ذريعة الى مكارم الشريعة</subfield>
   </datafield>
   <datafield ind1="1" ind2="0" tag="880">
      <subfield code="6">245-03/r</subfield>
      <subfield code="a">كتاب الذريعة الى مكارم الشريعة /</subfield>
      <subfield code="c">لابي القاسم الحسين بن محمد بن المفضل بالراغب الاصفهاني.</subfield>
   </datafield>
   <datafield ind1=" " ind2=" " tag="880">
      <subfield code="6">250-04/r</subfield>
      <subfield code="a">الطبعة 1.</subfield>
   </datafield>
   <datafield ind1=" " ind2=" " tag="880">
      <subfield code="6">260-05/r</subfield>
      <subfield code="a">مصر :</subfield>
      <subfield code="b">المطبعة الشرفية،</subfield>
      <subfield code="c">1324 [1906 or 1907]</subfield>
   </datafield>
   <datafield ind1="4" ind2=" " tag="856">
      <subfield code="u">http://hdl.handle.net/2027/njp.32101064066333</subfield>
   </datafield>
   <datafield ind1=" " ind2=" " tag="998">
      <subfield code="a">09/21/93</subfield>
      <subfield code="s">9114</subfield>
      <subfield code="n">NjP</subfield>
      <subfield code="d">09/21/93</subfield>
      <subfield code="c">JAB</subfield>
      <subfield code="b">JAB</subfield>
      <subfield code="i">930921</subfield>
      <subfield code="l">NJPG</subfield>
   </datafield>
   <datafield ind1=" " ind2=" " tag="911">
      <subfield code="a">19930930</subfield>
   </datafield>
   <datafield ind1=" " ind2=" " tag="912">
      <subfield code="a">19951017063755.0</subfield>
   </datafield>
   <datafield ind1=" " ind2=" " tag="994">
      <subfield code="a">C0</subfield>
      <subfield code="b">PUL</subfield>
   </datafield>
   <datafield ind1=" " ind2=" " tag="999">
      <subfield code="a">836310</subfield>
   </datafield>
   <datafield ind1=" " ind2=" " tag="979">
      <subfield code="a">(OCoLC)ocn176280842</subfield>
   </datafield>
   <datafield ind1="8" ind2="0" tag="852">
      <subfield code="0">952256</subfield>
      <subfield code="b">rcppa</subfield>
      <subfield code="t">1</subfield>
      <subfield code="h">2274.33.329 1906</subfield>
      <subfield code="x">tr fr anxa</subfield>
   </datafield>
   <datafield ind1="8" ind2=" " tag="852">
      <subfield code="0">8684563</subfield>
      <subfield code="b">elf1</subfield>
      <subfield code="h">Electronic Resource</subfield>
   </datafield>
   <datafield ind1=" " ind2=" " tag="959">
      <subfield code="a">2000-06-08 00:00:00 -0500</subfield>
   </datafield>
</record>
